<record><leader>00000cas a22000007a 4500</leader><controlfield tag="001">20818457</controlfield><controlfield tag="008">891226d19101943nduwr ne      0    0eng d</controlfield><datafield ind1=" " ind2=" " tag="010"><subfield code="a">sn 89074437 </subfield></datafield><datafield ind1=" " ind2=" " tag="040"><subfield code="a">NOP</subfield><subfield code="b">eng</subfield><subfield code="c">NOP</subfield><subfield code="d">OCLCQ</subfield></datafield><datafield ind1="0" ind2=" " tag="041"><subfield code="a">eng</subfield><subfield code="a">ger</subfield></datafield><datafield ind1=" " ind2=" " tag="042"><subfield code="a">msc</subfield></datafield><datafield ind1="0" ind2=" " tag="130"><subfield code="a">Buffalo express (Buffalo, N.D. : 1910)</subfield></datafield><datafield ind1="1" ind2="0" tag="245"><subfield code="a">Buffalo express.</subfield></datafield><datafield ind1=" " ind2=" " tag="260"><subfield code="a">Buffalo, Cass County, N.D. :</subfield><subfield code="b">Wm. Knight</subfield></datafield><datafield ind1=" " ind2=" " tag="300"><subfield code="a">32 volumes :</subfield><subfield code="b">illustrations ;</subfield><subfield code="c">54 cm</subfield></datafield><datafield ind1=" " ind2=" " tag="310"><subfield code="a">Weekly</subfield></datafield><datafield ind1=" " ind2=" " tag="336"><subfield code="a">text</subfield><subfield code="b">txt</subfield><subfield code="2">rdacontent</subfield></datafield><datafield ind1=" " ind2=" " tag="337"><subfield code="a">unmediated</subfield><subfield code="b">n</subfield><subfield code="2">rdamedia</subfield></datafield><datafield ind1=" " ind2=" " tag="338"><subfield code="a">volume</subfield><subfield code="b">nc</subfield><subfield code="2">rdacarrier</subfield></datafield><datafield ind1="0" ind2=" " tag="362"><subfield code="a">Vol. 21, no. 30 (Sept. 16, 1910)-v. 53, no. 22 (Aug. 12, 1943).</subfield></datafield><datafield ind1=" " ind2=" " tag="500"><subfield code="a">Official paper of Buffalo and Cass County, 1912-1914.</subfield></datafield><datafield ind1=" " ind2=" " tag="515"><subfield code="a">Numbering is irregular.</subfield></datafield><datafield ind1=" " ind2=" " tag="530"><subfield code="a">Available on microfilm from the State Historical Society of North Dakota.</subfield></datafield><datafield ind1=" " ind2=" " tag="546"><subfield code="a">Some columns in German.</subfield></datafield><datafield ind1=" " ind2=" " tag="580"><subfield code="a">Includes: Ayr weekly express, Mar. 24, 1921-May 1, 1924.</subfield></datafield><datafield ind1=" " ind2=" " tag="752"><subfield code="a">United States</subfield><subfield code="b">North Dakota</subfield><subfield code="c">Cass</subfield><subfield code="d">Buffalo.</subfield></datafield><datafield ind1="1" ind2=" " tag="777"><subfield code="t">Ayr weekly express</subfield><subfield code="w">(DLC)sn 89074438</subfield></datafield><datafield ind1="0" ind2="0" tag="780"><subfield code="t">Buffalo express and the Alice avalanche</subfield><subfield code="w">(DLC)sn 89074435</subfield></datafield><datafield ind1="0" ind2="4" tag="785"><subfield code="t">Cass County tribune and Tower City topics</subfield><subfield code="w">(DLC)sn 89074232</subfield></datafield></record>